@InProceedings{Biagioni2011,
author = "{James Biagioni and Tomas Gerlich and Timothy Merrifield and Jakob Eriksson}",
title = "{EasyTracker: Automatic Transit Tracking, Mapping, and Arrival Time Prediction using Smartphones}",
booktitle = "{Proceedings of the 9th ACM Conference on Embedded Networked Sensor Systems}",
series = "{SenSys '11}",
year = "{2011}",
pages = "{68-81}",
location = "{Seattle, Washington}",
month = "{November 1-4}",
publisher = "{ACM}"
}


@Book{Papoulis2002,
author ="{A. Papoulis}",
title ="{Probability, Random Variables, and Stochastic Processes}",
publisher ="{McGrawHill}",
year ="{2002}",
edition ="{4rd}"
}
